\makeindex

@article{Marc-2009,
doi	= {10.1016/j.scico.2008.09.019},
title	= {A perspective on service orchestration},
author	= {Marco A. Barbosa; Luis S. Barbosa},
publisher	= {Elsevier Science},
journal	= {Science of Computer Programming},
issnp	= {0167-6423},
year	= {2009},
volume	= {74},
issue	= {9},
page	= {671--687},
url =       {http://gen.lib.rus.ec/scimag/index.php?s=10.1016/j.scico.2008.09.019},
}


@article{Mohse-2012,
doi	= {10.1007/s11761-011-0098-3},
title	= {WSCMon: runtime monitoring of web service orchestration based on refinement checking},
author	= {Mohsen Khaxar; Saeed Jalili},
publisher	= {Springer-Verlag},
journal	= {Service Oriented Computing and Applications},
issnp	= {1863-2386},
issne	= {1863-2394},
year	= {2012},
month	= {03},
volume	= {6},
issue	= {1},
page	= {33--49},
url =       {http://gen.lib.rus.ec/scimag/index.php?s=10.1007/s11761-011-0098-3},
}

@article{Irfan-2013,
doi	= {10.4028/www.scientific.net/AMR.660.196},
title	= {SLA (Service Level Agreement) Driven Orchestration Based New Methodology for Cloud Computing Services},
author	= {Irfan, Muhammad; Hong, Zhu; Aimaier, Nueraimaiti; Li, Zhu Guo},
journal	= {Advanced Materials Research},
issne	= {1662-8958},
year	= {2013},
month	= {2},
volume	= {660},
page	= {196--201},
url =       {http://gen.lib.rus.ec/scimag/index.php?s=10.4028/www.scientific.net/AMR.660.196},
}

@article{Yeung-2007,
doi	= {10.1177/0037549707079227},
title	= {CSP-Based Verification for Web Service Orchestration and Choreography},
author	= {Yeung, W.L.},
publisher	= {Sage Publications},
journal	= {SIMULATION: Transactions of the Society for Modeling and Simulation},
issnp	= {0037-5497},
issne	= {1741-3133},
year	= {2007},
month	= {01},
day	= {01},
volume	= {83},
issue	= {1},
page	= {65--74},
url =       {http://gen.lib.rus.ec/scimag/index.php?s=10.1177/0037549707079227},
}

@article{Saffre-2006,
doi	= {10.1109/tsmcb.2006.873214},
title	= {Self-Organized Service Orchestration Through Collective Differentiation},
author	= {Saffre, F.; Halloy, J.; Shackleton, M.; Deneubourg, J. L.},
publisher	= {IEEE},
journal	= {IEEE Transactions on Systems Man and Cybernetics Part B (Cybernetics)},
issnp	= {1083-4419},
issne	= {1941-0492},
year	= {2006},
volume	= {36},
issue	= {6},
page	= {0--1246},
url =       {http://gen.lib.rus.ec/scimag/index.php?s=10.1109/tsmcb.2006.873214},
}

@article{Distefano-2014,
doi	= {10.1007/s10723-014-9293-8},
title	= {Performance Driven WS Orchestration and Deployment in Service Oriented Infrastructure},
author	= {Distefano, Salvatore; Serazzi, Giuseppe},
publisher	= {Springer Netherlands},
journal	= {Journal of Grid Computing},
issnp	= {1570-7873},
issne	= {1572-9184},
year	= {2014},
month	= {06},
day	= {20},
volume	= {12},
issue	= {2},
page	= {347--369},
url =       {http://gen.lib.rus.ec/scimag/index.php?s=10.1007/s10723-014-9293-8},
}

@article{Rubio-Loyola-2011,
doi	= {10.1109/MNET.2011.6085638},
title	= {A service-centric orchestration protocol for self-organizing autonomic management systems},
author	= {Rubio-Loyola, Javier; Merida-Campos, Carlos; Serrat, Joan; Macedo, Daniel; Davy, Steven; Movahedi, Zeinab; Pujolle, Guy},
publisher	= {IEEE},
journal	= {IEEE Network},
issnp	= {0890-8044},
year	= {2011},
month	= {11},
volume	= {25},
issue	= {6},
page	= {16--23},
url =       {http://gen.lib.rus.ec/scimag/index.php?s=10.1109/MNET.2011.6085638},
}

@article{Spinellis-2014,
doi	= {10.1109/ms.2014.92},
title	= {Service Orchestration with Rundeck},
author	= {Spinellis, Diomidis},
publisher	= {IEEE},
journal	= {IEEE Software},
issnp	= {0740-7459},
year	= {2014},
month	= {7},
volume	= {31},
issue	= {4},
page	= {16--18},
url =       {http://gen.lib.rus.ec/scimag/index.php?s=10.1109/ms.2014.92},
}

@article{Murguzur-2014,
doi	= {10.1142/s0218843014300010},
title	= {Process Flexibility in Service Orchestration: A Systematic Literature Review},
author	= {Murguzur, Aitor; Intxausti, Karmele; Urbieta, Aitor; Trujillo, Salvador; Sagardui, Goiuria},
publisher	= {World Scientific Publishing Company},
journal	= {International Journal of Cooperative Information Systems},
issnp	= {0218-8430},
issne	= {1793-6365},
year	= {2014},
month	= {09},
volume	= {23},
issue	= {03},
page	= {1430001--},
url =       {http://gen.lib.rus.ec/scimag/index.php?s=10.1142/s0218843014300010},
}

@article{Wolfgan-2005,
doi	= {10.1007/s10723-005-9015-3},
title	= {Grid Service Orchestration Using the Business Process Execution Language (BPEL)},
author	= {Wolfgang Emmerich; Ben Butchart; Liang Chen; Bruno Wassermann; Sarah L. Price},
publisher	= {Springer Netherlands},
journal	= {Journal of Grid Computing},
issnp	= {1570-7873},
issne	= {1572-9184},
year	= {2005},
month	= {09},
volume	= {3},
issue	= {3-4},
page	= {283--304},
url =       {http://gen.lib.rus.ec/scimag/index.php?s=10.1007/s10723-005-9015-3},
}

@article{Christia-2007,
doi	= {10.1111/j.1467-9671.2007.01076.x},
title	= {Requirements for Next Generation Spatial Data Infrastructures-Standardized Web Based Geoprocessing and Web Service Orchestration},
author	= {Christian Kiehle; Klaus Greve; Christian Heier},
publisher	= {John Wiley and Sons},
journal	= {Transactions in GIS},
issnp	= {1361-1682},
issne	= {1467-9671},
year	= {2007},
volume	= {11},
issue	= {6},
page	= {819--834},
url =       {http://gen.lib.rus.ec/scimag/index.php?s=10.1111/j.1467-9671.2007.01076.x},
}

@article{Koshkina-2004,
doi	= {10.1145/1022494.1022526},
title	= {Modelling and verifying web service orchestration by means of the concurrency workbench},
author	= {Koshkina, Mariya; van Breugel, Franck},
publisher	= {Association for Computing Machinery},
journal	= {ACM SIGSOFT Software Engineering Notes},
issnp	= {0163-5948},
year	= {2004},
month	= {09},
day	= {01},
volume	= {29},
issue	= {5},
page	= {1--},
url =       {http://gen.lib.rus.ec/scimag/index.php?s=10.1145/1022494.1022526},
}